@misc{BibTeX,
author = {Alexander Feder},
year = "2006",
title = {BibTeX.org},
howpublished = {\url{http://www.bibtex.org/p}}
}

@misc{WikiBooks,
author = {WikiMedia},
year = "2010",
title = {LaTeX},
howpublished = {\url{http://nl.wikibooks.org/wiki/LaTeX/Inleiding}}
}

@misc{Texmaker,
author = {Pascal Brachet},
year = "2003",
title = {Texmaker},
howpublished = {\url{http://www.xm1math.net/texmaker/doc.html#SECTION11}}
}

@misc{Dia_Manual,
author = {Henry House, Judith Samson and Kevin Breit},
title = {Dia manual},
howpublished = {\url{http://projects.gnome.org/dia/doc/dia-manual.pdf}}
}

@misc{Dia_Intro,
author = {Steffen Macke},
year = "2004-2012",
title = {Dia introduction},
howpublished = {\url{http://dia-installer.de/doc/en/intro-chapter.html}}
}

@misc{Dia_Eindwerk,
author = {Bert Van Den Abbeele},
year = "2005-2006",
title = {Linux Op School},
howpublished = {\url{http://www.teleco-it.be/on5dtl/Linux/Bert_Van_den_Abbeele-Linux_Op_School.pdf}}
}

@misc{Dia_official,
author = {Dia developers},
title = {Officiele site Dia},
howpublished = {\url{http://projects.gnome.org/dia/}}
}



